@book{kaggle,
title={Kardiyovasküler hastalık riskleri},
author={},
url={https://www.kaggle.com/fedesoriano/heart-failure-prediction},
}
}
@book{data_author,
title={},
author={fedesoriano},
url={https://www.kaggle.com/fedesoriano},
}
}
@book{resim,
title={},
author={},
url={https://medium.com/@gulcanogundur/model-se%C3%A7imi-k-fold-cross-validation-4635b61f143c},
}
@misc{veriseti,
	author = "fedesoriano",
	year = "2021",
	title = "Kaggle",
	url = "https://www.kaggle.com/fedesoriano/heart-failure-prediction"
}
@book{auc,
title={},
author={},
url={https://medium.com/deep-learning-turkiye/model-performans%C4%B1n%C4%B1-de%C4%9Ferlendirmek-metrikler-cb6568705b1},
}
@book{resimknn,
title={},
author={},
url={https://www.datacamp.com/community/tutorials/k-nearest-neighbor-classification-scikit-learn},
}
@book{confmat,
title={},
author={},
url={https://www.kaggle.com/prashant111/comprehensive-guide-to-ann-with-keras},
}
@article{cocsar2021makine,
  title={Makine {\"O}{\u{g}}renimi Algoritmalar{\i} Kullanarak Kalp Hastal{\i}klar{\i}n{\i}n Tespit Edilmesi},
  author={Co{\c{s}}ar, Mustafa and Deniz, Emre},
  journal={Avrupa Bilim ve Teknoloji Dergisi},
  number={28},
  pages={1112--1116},
  year={2021}
}
@article{sahoo2020heart,
  title={Heart Failure Prediction Using Machine Learning Techniques},
  author={Sahoo, Prasanta Kumar and Jeripothula, Pravalika},
  journal={Available at SSRN 3759562},
  year={2020}
}
@article{dwivedi2018performance,
  title={Performance evaluation of different machine learning techniques for prediction of heart disease},
  author={Dwivedi, Ashok Kumar},
  journal={Neural Computing and Applications},
  volume={29},
  number={10},
  pages={685--693},
  year={2018},
  publisher={Springer}
}



